<collection xmlns="http://www.loc.gov/MARC21/slim">
<record>
  <leader>05040nam0a2200733 i 450 </leader>
  <controlfield tag="001">IT\ICCU\CNCE\026237</controlfield>
  <controlfield tag="005">20190829000000.0</controlfield>
  <datafield tag="012" ind1=" " ind2=" ">
    <subfield code="a">o.r- asi, usus trqu (3) 1567 (R)</subfield>
    <subfield code="2">fei</subfield>
  </datafield>
  <datafield tag="100" ind1=" " ind2=" ">
    <subfield code="a">19971011d1567        0itac0103    ba</subfield>
  </datafield>
  <datafield tag="101" ind1=" " ind2=" ">
    <subfield code="a">LAT</subfield>
  </datafield>
  <datafield tag="102" ind1=" " ind2=" ">
    <subfield code="a">IT</subfield>
  </datafield>
  <datafield tag="200" ind1="1" ind2=" ">
    <subfield code="a">℗P. Terentii Afri poetae lepidissimi ℗Comoediae omnes. Cum absolutis commentariis Aelii Donati, Guidonis Iuuenalis Cenomani, Petri Marsi in omnes fabulas, Ioannis Calphurnii Brixiensis in Heautontimorumenon. Accedunt. Antonij Goueani Epistola ad Guillelmum Bellaium Langeum, ... de castigatione harum comoediarum. Eiusdem de versibus Terentianis, necnon De ludis Megalensibus, ac quaedam perpulchrae annotationes. Bartolomaei Latomi in singulas scenas argumenta, ordo &amp; distinctio partium fabulae, ... Henrici Loriti in carmina Terentij per omnes eius comoedias iudicium. His item addidimus cuiusque scenae terna argumenta varijs verbis eadem tamen sententia descripta. Metris in suum ordinem recte restitutis, ac varijs lectionibus in margine appositis ...</subfield>
  </datafield>
  <datafield tag="210" ind1=" " ind2=" ">
    <subfield code="a">Venetiis</subfield>
    <subfield code="c">apud Ioannem Mariam Bonellum</subfield>
    <subfield code="d">1567</subfield>
    <subfield code="e">Venetiis</subfield>
    <subfield code="g">apud Ioannem Mariam Bonellum</subfield>
    <subfield code="h">1567</subfield>
  </datafield>
  <datafield tag="215" ind1=" " ind2=" ">
    <subfield code="a">\14!, 207, \1! c.</subfield>
    <subfield code="c">ill.</subfield>
    <subfield code="d">fol</subfield>
  </datafield>
  <datafield tag="620" ind1=" " ind2=" ">
    <subfield code="a">IT</subfield>
    <subfield code="d">Venezia</subfield>
  </datafield>
  <datafield tag="700" ind1=" " ind2="1">
    <subfield code="a">Terentius Afer,</subfield>
    <subfield code="b">Publius</subfield>
    <subfield code="3">IT\ICCU\CNCA\003195</subfield>
  </datafield>
  <datafield tag="702" ind1=" " ind2="1">
    <subfield code="a">Calfurnio,</subfield>
    <subfield code="b">Giovanni</subfield>
    <subfield code="3">IT\ICCU\CNCA\009368</subfield>
  </datafield>
  <datafield tag="702" ind1=" " ind2="1">
    <subfield code="a">Gouvea,</subfield>
    <subfield code="b">Antonio : de</subfield>
    <subfield code="3">IT\ICCU\CNCA\012378</subfield>
  </datafield>
  <datafield tag="702" ind1=" " ind2="1">
    <subfield code="a">Jouennaux,</subfield>
    <subfield code="b">Guy</subfield>
    <subfield code="3">IT\ICCU\CNCA\013327</subfield>
  </datafield>
  <datafield tag="702" ind1=" " ind2="1">
    <subfield code="a">Donatus,</subfield>
    <subfield code="b">Aelius</subfield>
    <subfield code="3">IT\ICCU\CNCA\000324</subfield>
  </datafield>
  <datafield tag="702" ind1=" " ind2="1">
    <subfield code="a">Glareanus,</subfield>
    <subfield code="b">Henricus</subfield>
    <subfield code="3">IT\ICCU\CNCA\002162</subfield>
  </datafield>
  <datafield tag="702" ind1=" " ind2="1">
    <subfield code="a">Marso,</subfield>
    <subfield code="b">Pietro</subfield>
    <subfield code="3">IT\ICCU\CNCA\003048</subfield>
  </datafield>
  <datafield tag="702" ind1=" " ind2="1">
    <subfield code="a">Latomus,</subfield>
    <subfield code="b">Bartholomaeus</subfield>
    <subfield code="3">IT\ICCU\CNCA\003055</subfield>
  </datafield>
  <datafield tag="712" ind1="0" ind2="0">
    <subfield code="a">Bonelli, Giovanni Maria</subfield>
    <subfield code="c"> &lt;1.&gt;</subfield>
    <subfield code="3">IT\ICCU\CNCT\000356</subfield>
    <subfield code="4">650</subfield>
  </datafield>
  <datafield tag="790" ind1=" " ind2="0">
    <subfield code="a">Terenzio</subfield>
    <subfield code="3">IT\ICCU\CNCA\014983</subfield>
    <subfield code="z">Terentius Afer, Publius</subfield>
  </datafield>
  <datafield tag="790" ind1=" " ind2="1">
    <subfield code="a">Calphurnius,</subfield>
    <subfield code="b">Joannes</subfield>
    <subfield code="3">IT\ICCU\CNCA\027288</subfield>
    <subfield code="z">Calfurnio, Giovanni</subfield>
  </datafield>
  <datafield tag="790" ind1=" " ind2="1">
    <subfield code="a">Goveanus,</subfield>
    <subfield code="b">Antonius</subfield>
    <subfield code="3">IT\ICCU\CNCA\020157</subfield>
    <subfield code="z">Gouvea, Antonio : de</subfield>
  </datafield>
  <datafield tag="790" ind1=" " ind2="1">
    <subfield code="a">Goveano,</subfield>
    <subfield code="b">Antonio</subfield>
    <subfield code="3">IT\ICCU\CNCA\024228</subfield>
    <subfield code="z">Gouvea, Antonio : de</subfield>
  </datafield>
  <datafield tag="790" ind1=" " ind2="1">
    <subfield code="a">Iuvenalis,</subfield>
    <subfield code="b">Guido</subfield>
    <subfield code="3">IT\ICCU\CNCA\017034</subfield>
    <subfield code="z">Jouennaux, Guy</subfield>
  </datafield>
  <datafield tag="790" ind1=" " ind2="1">
    <subfield code="a">Jouanneaux,</subfield>
    <subfield code="b">Guy</subfield>
    <subfield code="3">IT\ICCU\CNCA\019516</subfield>
    <subfield code="z">Jouennaux, Guy</subfield>
  </datafield>
  <datafield tag="790" ind1=" " ind2="1">
    <subfield code="a">Jouenneaux,</subfield>
    <subfield code="b">Guy</subfield>
    <subfield code="3">IT\ICCU\CNCA\019517</subfield>
    <subfield code="z">Jouennaux, Guy</subfield>
  </datafield>
  <datafield tag="790" ind1=" " ind2="0">
    <subfield code="a">Guido</subfield>
    <subfield code="c"> : a Iuvenale</subfield>
    <subfield code="3">IT\ICCU\CNCA\019519</subfield>
    <subfield code="z">Jouennaux, Guy</subfield>
  </datafield>
  <datafield tag="790" ind1=" " ind2="1">
    <subfield code="a">Dionisius,</subfield>
    <subfield code="b">Appollonius Donatus</subfield>
    <subfield code="3">IT\ICCU\CNCA\004906</subfield>
    <subfield code="z">Donatus, Aelius</subfield>
  </datafield>
  <datafield tag="790" ind1=" " ind2="0">
    <subfield code="a">Aelius</subfield>
    <subfield code="c"> : Donatus</subfield>
    <subfield code="3">IT\ICCU\CNCA\009367</subfield>
    <subfield code="z">Donatus, Aelius</subfield>
  </datafield>
  <datafield tag="790" ind1=" " ind2="1">
    <subfield code="a">Loritus,</subfield>
    <subfield code="b">Henricus</subfield>
    <subfield code="3">IT\ICCU\CNCA\002326</subfield>
    <subfield code="z">Glareanus, Henricus</subfield>
  </datafield>
  <datafield tag="790" ind1=" " ind2="1">
    <subfield code="a">Loriti,</subfield>
    <subfield code="b">Heinrich</subfield>
    <subfield code="3">IT\ICCU\CNCA\022328</subfield>
    <subfield code="z">Glareanus, Henricus</subfield>
  </datafield>
  <datafield tag="790" ind1=" " ind2="1">
    <subfield code="a">Marsus,</subfield>
    <subfield code="b">Petrus</subfield>
    <subfield code="3">IT\ICCU\CNCA\014594</subfield>
    <subfield code="z">Marso, Pietro</subfield>
  </datafield>
  <datafield tag="790" ind1=" " ind2="1">
    <subfield code="a">Steinmetz,</subfield>
    <subfield code="b">Bartholomaeus</subfield>
    <subfield code="3">IT\ICCU\CNCA\014470</subfield>
    <subfield code="z">Latomus, Bartholomaeus</subfield>
  </datafield>
  <datafield tag="790" ind1=" " ind2="1">
    <subfield code="a">Masson,</subfield>
    <subfield code="b">Barthelm̈y</subfield>
    <subfield code="3">IT\ICCU\CNCA\014471</subfield>
    <subfield code="z">Latomus, Bartholomaeus</subfield>
  </datafield>
  <datafield tag="791" ind1="0" ind2="0">
    <subfield code="a">Bonellus, Ioannes Maria</subfield>
    <subfield code="c"> &lt;1&gt;</subfield>
    <subfield code="3">IT\ICCU\CNCT\004443</subfield>
    <subfield code="z">Bonelli, Giovanni Maria &lt;1.&gt;</subfield>
  </datafield>
  <datafield tag="791" ind1="0" ind2="0">
    <subfield code="a">Bonello, Giovan Maria</subfield>
    <subfield code="3">IT\ICCU\CNCT\004444</subfield>
    <subfield code="z">Bonelli, Giovanni Maria &lt;1.&gt;</subfield>
  </datafield>
  <datafield tag="801" ind1=" " ind2="3">
    <subfield code="a">IT</subfield>
    <subfield code="b">ICCU</subfield>
    <subfield code="c">20201114</subfield>
  </datafield>
  <datafield tag="899" ind1=" " ind2=" ">
    <subfield code="a">Biblioteca estera - Biblioteca Universidad Complutense de Madrid. Madrid</subfield>
    <subfield code="1">AA0002</subfield>
  </datafield>
  <datafield tag="899" ind1=" " ind2=" ">
    <subfield code="a">Biblioteca civica A. Mai. Bergamo</subfield>
    <subfield code="1">BG0026</subfield>
    <subfield code="2">LO1 02</subfield>
  </datafield>
  <datafield tag="899" ind1=" " ind2=" ">
    <subfield code="a">Biblioteca universitaria. Bologna</subfield>
    <subfield code="1">BO0098</subfield>
    <subfield code="2">UBO BU</subfield>
  </datafield>
  <datafield tag="899" ind1=" " ind2=" ">
    <subfield code="a">Biblioteca civica Queriniana. Brescia</subfield>
    <subfield code="1">BS0026</subfield>
    <subfield code="2">ZBS 01</subfield>
  </datafield>
  <datafield tag="899" ind1=" " ind2=" ">
    <subfield code="a"></subfield>
    <subfield code="1">BS0156</subfield>
    <subfield code="2">ZBS 07</subfield>
  </datafield>
  <datafield tag="899" ind1=" " ind2=" ">
    <subfield code="a">Biblioteca provinciale La Magna Capitana. Foggia</subfield>
    <subfield code="1">FG0046</subfield>
    <subfield code="2">FOG FG</subfield>
  </datafield>
  <datafield tag="899" ind1=" " ind2=" ">
    <subfield code="a">Biblioteca provinciale dei Cappuccini. Firenze</subfield>
    <subfield code="1">FI0041</subfield>
    <subfield code="2">RT1 PC</subfield>
  </datafield>
  <datafield tag="899" ind1=" " ind2=" ">
    <subfield code="a">Biblioteca nazionale centrale. Firenze</subfield>
    <subfield code="1">FI0098</subfield>
    <subfield code="2">CFI CF</subfield>
  </datafield>
  <datafield tag="899" ind1=" " ind2=" ">
    <subfield code="a">Biblioteca del Seminario. Chiavari</subfield>
    <subfield code="1">GE0012</subfield>
    <subfield code="2">PBE M1</subfield>
  </datafield>
  <datafield tag="899" ind1=" " ind2=" ">
    <subfield code="a">Biblioteca centrale della Regione siciliana Alberto Bombace. Palermo</subfield>
    <subfield code="1">PA0064</subfield>
    <subfield code="2">PAL BP</subfield>
  </datafield>
  <datafield tag="899" ind1=" " ind2=" ">
    <subfield code="a">Biblioteca civica. Padova</subfield>
    <subfield code="1">PD0090</subfield>
    <subfield code="2">PUV 55</subfield>
  </datafield>
  <datafield tag="899" ind1=" " ind2=" ">
    <subfield code="a">Biblioteca del Seminario diocesano di Concordia-Pordenone. Pordenone</subfield>
    <subfield code="1">PN0052</subfield>
    <subfield code="2">TSA SC</subfield>
  </datafield>
  <datafield tag="899" ind1=" " ind2=" ">
    <subfield code="a">Biblioteca Roncioniana - Fondazione Eredit ̉Marco Roncioni (ONLUS). Prato</subfield>
    <subfield code="1">PO0005</subfield>
    <subfield code="2">RT1 EB</subfield>
  </datafield>
  <datafield tag="899" ind1=" " ind2=" ">
    <subfield code="a">Biblioteca comunale Giuseppe Taroni. Bagnacavallo</subfield>
    <subfield code="1">RA0002</subfield>
    <subfield code="2">RAV BC</subfield>
  </datafield>
  <datafield tag="899" ind1=" " ind2=" ">
    <subfield code="a">Biblioteca nazionale centrale. Roma</subfield>
    <subfield code="1">RM0267</subfield>
    <subfield code="2">BVE CR</subfield>
  </datafield>
  <datafield tag="899" ind1=" " ind2=" ">
    <subfield code="a">Biblioteca dell&apos;Opera pia del collegio Nazareno. Roma</subfield>
    <subfield code="1">RM0654</subfield>
    <subfield code="2">RMS M4</subfield>
  </datafield>
  <datafield tag="899" ind1=" " ind2=" ">
    <subfield code="a">Biblioteca centrale E.R. Caianiello Centro di servizio di Ateneo per le biblioteche dell&apos;Universit ̉degli studi di Salerno. Fondo Ventimiglia. Fisciano</subfield>
    <subfield code="1">SA0186</subfield>
    <subfield code="2">ZSA 10</subfield>
  </datafield>
  <datafield tag="899" ind1=" " ind2=" ">
    <subfield code="a">British Library. London</subfield>
    <subfield code="1">UK0001</subfield>
  </datafield>
  <datafield tag="899" ind1=" " ind2=" ">
    <subfield code="a">Biblioteca del Seminario arcivescovile di Milano. Venegono Inferiore</subfield>
    <subfield code="1">VA0122</subfield>
    <subfield code="2">ZVA 04</subfield>
  </datafield>
  <datafield tag="899" ind1=" " ind2=" ">
    <subfield code="a">Biblioteca civica. Verona</subfield>
    <subfield code="1">VR0059</subfield>
    <subfield code="2">ZVR 02</subfield>
  </datafield>
  <datafield tag="911" ind1=" " ind2=" ">
    <subfield code="a">Sul front.</subfield>
    <subfield code="9">IT\ICCU\CNCM\000154</subfield>
  </datafield>
  <datafield tag="921" ind1=" " ind2=" ">
    <subfield code="a">IT\ICCU\CNCM\000154</subfield>
    <subfield code="b">Minerva con elmo, lancia e scudo cavalca un leone.  Iniziali: ZMBV. In cornice figurata.</subfield>
    <subfield code="e">Virtuti omnia parent.</subfield>
    <subfield code="c">Q34</subfield>
    <subfield code="c">Z845</subfield>
    <subfield code="d">Dimensioni: 9 x 10,8. Con o senza motto</subfield>
    <subfield code="f">DONNA</subfield>
    <subfield code="f">LEONE</subfield>
    <subfield code="f">MINERVA</subfield>
    <subfield code="f">VIRTUTIOMN</subfield>
    <subfield code="f">ZMBV</subfield>
    <subfield code="g">1555-1586</subfield>
  </datafield>
</record>
</collection>
